<record xmlns="http://www.loc.gov/MARC21/slim" xmlns:xsi="http://www.w3.org/2001/XMLSchema-instance" xsi:schemaLocation="http://www.loc.gov/MARC21/slim http://www.loc.gov/standards/marcxml/schema/MARC21slim.xsd"><leader>00645cz   2200157n  4500</leader><controlfield tag="001">oca03400759 </controlfield><controlfield tag="005">19940202162116.9</controlfield><controlfield tag="008">930628n| acannaab           |a aaa |||  </controlfield><datafield ind1=" " ind2=" " tag="010"><subfield code="a">n  93061260 </subfield></datafield><datafield ind1=" " ind2=" " tag="040"><subfield code="a">DLC</subfield><subfield code="c">DLC</subfield><subfield code="d">DLC</subfield></datafield><datafield ind1="0" ind2=" " tag="100"><subfield code="a">Pseudo-Phocylides</subfield></datafield><datafield ind1="0" ind2=" " tag="400"><subfield code="a">Pseudo-Phokylides</subfield></datafield><datafield ind1="0" ind2=" " tag="500"><subfield code="a">Phocylides,</subfield><subfield code="d">fl. 544-541 B.C.</subfield></datafield><datafield ind1=" " ind2=" " tag="670"><subfield code="a">His The sentences of Pseudo-Phocylides, 1979:</subfield><subfield code="b">t.p.</subfield></datafield><datafield ind1=" " ind2=" " tag="670"><subfield code="a">Encyc. Judaica</subfield><subfield code="b">(Pseudo-Phocylides; a Hellenistic Jewish didactic poet, author of 230 hexameters falsely ascribed to the sixth century B.C. Greek lyric poet Phocylides)</subfield></datafield><datafield ind1=" " ind2=" " tag="670"><subfield code="a">Thomas, J. Der jüdische Phokylides, 1992:</subfield><subfield code="b">t.p. (Pseudo-Phokylides)</subfield></datafield></record>